@article{Yamamoto_2002,
  doi = {10.1007/s00226-001-0128-y},
  url = {http://dx.doi.org/10.1007/s00226-001-0128-y},
  year = {2002},
  month = {jan},
  publisher = {Springer Science $\mathplus$ Business Media},
  volume = {36},
  number = {1},
  pages = {55--74},
  author = {H. Yamamoto and Y. Kojima},
  title = {{Properties of cell wall constituents in relation to longitudinal elasticity of wood}},
  journal = {Wood Science and Technology},
}
